%references*************************
@book{sen1997principles,
  title={Principles of Electric Machines and Power Electronics},
  author={Sen, P.C.},
  isbn={9780471022954},
  lccn={96047305},
  url={https://books.google.fi/books?id=dR8oAQAAMAAJ},
  year={1997},
  publisher={Wiley}
}
@book{slemon1992electric,
  title={Electric machines and drives},
  author={Slemon, G.R.},
  isbn={9780201578850},
  lccn={91012449},
  series={Addison-Wesley series in electrical engineering},
  url={https://books.google.fi/books?id=8uVSAAAAMAAJ},
  year={1992},
  publisher={Addison-Wesley Pub. Co.}
}

@dissertation{Doctoral,
title={Dynamic induction machine models including magnetic saturation and iron losses},
author={Ranta, Mikaela},
year={2013},
language={en},
pages={59 + app. 84},
keyword={induction machines; dynamic models; magnetic saturation; iron losses; induktionsmotor; dynamiska modeller; magnetisk mättnad; kärnförluster},
isbn={978-952-60-5396-7 (electronic); 978-952-60-5395-0 (printed)},
issn={1799-4942 (electronic); 1799-4934 (printed); 1799-4934 (ISSN-L)},
series={Aalto University publication series DOCTORAL DISSERTATIONS; 171/2013},
publisher={Aalto University; Aalto-yliopisto},
type={G5 Artikkeliväitöskirja},
url={http://urn.fi/URN:ISBN:978-952-60-5396-7},
} 
@misc{Lecture1,
  author        = {M.Hinkkanen},
  title         = {Lecture notes in ELEC-E8402 Control of Electric Drives and Power Converters},
  month         = {Spring},
  year          = {2017},
  publisher={Aalto University, School of Electrical Engineering, Espoo, Finland}
}

@article{KOUBAA2004363,
title = "Recursive identification of induction motor parameters",
journal = "Simulation Modelling Practice and Theory",
volume = "12",
number = "5",
pages = "363 - 381",
year = "2004",
note = "",
issn = "1569-190X",
doi = "http://dx.doi.org/10.1016/j.simpat.2004.04.003",
url = "http://www.sciencedirect.com/science/article/pii/S1569190X0400036X",
author = "Yassine Koubaa",
keywords = "Linear parameter estimation",
keywords = "Induction motor",
keywords = "Least squares techniques"
}
@ARTICLE{Modelingofsaturation,
author={T. Tuovinen and M. Hinkkanen and J. Luomi},
journal={IEEE Transactions on Industry Applications},
title={Modeling of Saturation Due to Main and Leakage Flux Interaction in Induction Machines},
year={2010},
volume={46},
number={3},
pages={937-945},
keywords={asynchronous machines;finite element analysis;rotors;stators;computer simulations;dynamic equivalent-circuit models;finite-element analysis;induction machines;leakage flux interaction;physical consistency;power 2.2 kW;rotor leakage;saturation modeling;stator current;Closed slots;induction motors;motor models;mutual saturation;rotor skew},
doi={10.1109/TIA.2010.2045210},
ISSN={0093-9994},
month={May},}

@ARTICLE{6168830,
author={Z. Qu and M. Ranta and M. Hinkkanen and J. Luomi},
journal={IEEE Transactions on Industry Applications},
title={Loss-Minimizing Flux Level Control of Induction Motor Drives},
year={2012},
volume={48},
number={3},
pages={952-961},
keywords={eddy current losses;feedback;induction motor drives;machine vector control;magnetic flux;magnetic hysteresis;minimisation;rotors;dynamic space vector model;eddy current loss;hysteresis loss;induction motor drive;laboratory experiment;loss minimizing flux level control;magnetic flux estimation;magnetic saturation;power 2.2 kW;rotor flux oriented control;sampling period;steady-state loss function;torque production;voltage feedback algorithm;Inductance;Magnetic cores;Observers;Rotors;Stator cores;Torque;Control;core losses;efficiency optimization;field weakening;induction machine},
doi={10.1109/TIA.2012.2190818},
ISSN={0093-9994},
month={May},}


@ARTICLE{1203008,
author={S. N. Vukosavic and E. Levi},
journal={IEEE Transactions on Industrial Electronics},
title={Robust DSP-based efficiency optimization of a variable speed induction motor drive},
year={2003},
volume={50},
number={3},
pages={560-570},
keywords={digital signal processing chips;induction motor drives;machine control;power convertors;robust control;variable speed drives;velocity control;16 bit;2.2 kW;functional approximation;input power measurement;loss function parameters;loss-model-based control;minimum loss operating point;motor loss-related parameters;online identification;power converter losses;robust DSP-based efficiency optimization;search control;variable speed induction motor drive;Convergence;Digital signal processing;Induction motor drives;Power conversion;Power measurement;Prototypes;Robustness;Signal processing;Signal processing algorithms;Torque},
doi={10.1109/TIE.2003.812468},
ISSN={0278-0046},
month={June},}



@conference{11,
title={Influence of magnetic saturation on induction motor model selection},
author={Hinkkanen, Marko and Repo, Anna-Kaisa and Luomi, Jorma},
year={2006},
language={en},
pages={6},
keyword={closed slots; induction motors; magnetic saturation; motor models; rotor skew},
publisher={International Conference on Electrical Machines (ICEM)},
url={http://urn.fi/URN:NBN:fi:aalto-201511295451},
} 

@INPROCEEDINGS{PRBS,
author={S. Villwock and A. Baumuller and M. Pacas and F. R. Gotz and B. Liu and V. Barinberg},
booktitle={2008 34th Annual Conference of IEEE Industrial Electronics},
title={Influence of the power density spectrum of the excitation signal on the identification of drives},
year={2008},
pages={1252-1257},
keywords={curve fitting;electric drives;least squares approximations;drive identification;excitation signal;numerical least squares parameter fitting optimization method;power density spectrum;Automatic control;Frequency domain analysis;Frequency response;Least squares approximation;Least squares methods;Mechanical sensors;Optimization methods;Shift registers;Signal analysis;Signal processing},
doi={10.1109/IECON.2008.4758134},
ISSN={1553-572X},
month={Nov},}

@INPROCEEDINGS{879723,
author={R. A. Guinee},
booktitle={2000 10th Mediterranean Electrotechnical Conference. Information Technology and Electrotechnology for the Mediterranean Countries. Proceedings. MeleCon 2000 (Cat. No.00CH37099)},
title={Variable speed motor drive testing and parameter identification using pseudorandom binary sequences},
year={2000},
volume={3},
pages={1085-1088 vol.3},
keywords={DC motor drives;binary sequences;machine testing;parameter estimation;pulse width modulation;transfer functions;variable speed drives;PWM controlled variable speed DC motor drive system;adjustable speed drive (ASD) parameter identification;correlation based impulse response evaluation;data training records;dynamic testing;inverse repeat pseudorandom binary sequences;linear time invariant second order transfer function model;normal repeat pseudorandom binary sequences;parameter identification;persistent excitation stimuli;pseudonoise testing;pseudorandom binary sequences;sinusoidal test signals;spectral analysis;variable speed motor drive testing;Binary sequences;Correlation;DC motors;Motor drives;Parameter estimation;Parameter extraction;Pulse width modulation;System testing;Transfer functions;Variable speed drives},
doi={10.1109/MELCON.2000.879723},
month={May},}

@ARTICLE{44251, 
author={G. R. Slemon}, 
journal={IEEE Transactions on Industry Applications}, 
title={Modelling of induction machines for electric drives}, 
year={1989}, 
volume={25}, 
number={6}, 
pages={1126-1131}, 
keywords={asynchronous machines;electric drives;electric drives;induction machines;linear models;magnetic nonlinearity;nonlinear models;steady-state analyses;time harmonics;transient analysis;Equivalent circuits;Induction machines;Magnetic analysis;Magnetic flux;Power system modeling;Saturation magnetization;Stators;Steady-state;Transient analysis;Vectors}, 
doi={10.1109/28.44251}, 
ISSN={0093-9994}, 
month={Nov},}

@book{sen1997principles,
  title={Principles of Electric Machines and Power Electronics},
  author={Sen, P.C.},
  isbn={9780471022954},
  lccn={96047305},
  url={https://books.google.fi/books?id=dR8oAQAAMAAJ},
  year={1997},
  publisher={Wiley}
}
@book{slemon1992electric,
  title={Electric machines and drives},
  author={Slemon, G.R.},
  isbn={9780201578850},
  lccn={91012449},
  series={Addison-Wesley series in electrical engineering},
  url={https://books.google.fi/books?id=8uVSAAAAMAAJ},
  year={1992},
  publisher={Addison-Wesley Pub. Co.}
}

@dissertation{Aaltodoc:http://urn.fi/URN:ISBN:978-952-60-5396-7,
title={Dynamic induction machine models including magnetic saturation and iron losses},
author={Ranta, Mikaela},
year={2013},
language={en},
pages={59 + app. 84},
keyword={induction machines; dynamic models; magnetic saturation; iron losses; induktionsmotor; dynamiska modeller; magnetisk mättnad; kärnförluster},
isbn={978-952-60-5396-7 (electronic); 978-952-60-5395-0 (printed)},
issn={1799-4942 (electronic); 1799-4934 (printed); 1799-4934 (ISSN-L)},
series={Aalto University publication series DOCTORAL DISSERTATIONS; 171/2013},
publisher={Aalto University; Aalto-yliopisto},
type={G5 Artikkeliväitöskirja},
url={http://urn.fi/URN:ISBN:978-952-60-5396-7},
} 
@ARTICLE{44251, 
author={G. R. Slemon}, 
journal={IEEE Transactions on Industry Applications}, 
title={Modelling of induction machines for electric drives}, 
year={1989}, 
volume={25}, 
number={6}, 
pages={1126-1131}, 
keywords={asynchronous machines;electric drives;electric drives;induction machines;linear models;magnetic nonlinearity;nonlinear models;steady-state analyses;time harmonics;transient analysis;Equivalent circuits;Induction machines;Magnetic analysis;Magnetic flux;Power system modeling;Saturation magnetization;Stators;Steady-state;Transient analysis;Vectors}, 
doi={10.1109/28.44251}, 
ISSN={0093-9994}, 
month={Nov},}
@unpublished{Lecture1,
  author        = {M.Hinkkanen},
  title         = {Lecture notes in {ELEC-E8402} Control of Electric Drives and Power Converters},
  month         = {Spring},
year          = {2017},
  publisher={Aalto University, School of Electrical Engineering, Espoo, Finland}

@ARTICLE{44251, 
author={G. R. Slemon}, 
journal={IEEE Transactions on Industry Applications}, 
title={Modelling of induction machines for electric drives}, 
year={1989}, 
volume={25}, 
number={6}, 
pages={1126-1131}, 
keywords={asynchronous machines;electric drives;electric drives;induction machines;linear models;magnetic nonlinearity;nonlinear models;steady-state analyses;time harmonics;transient analysis;Equivalent circuits;Induction machines;Magnetic analysis;Magnetic flux;Power system modeling;Saturation magnetization;Stators;Steady-state;Transient analysis;Vectors}, 
doi={10.1109/28.44251}, 
ISSN={0093-9994}, 
month={Nov},}

@book{franklin1998digital,
  title={Digital control of dynamic systems},
  author={Franklin, G.F.A. and Powell, J.D.A. and Workman, M.L.},
  isbn={9780201820546},
  lccn={97035994},
  series={Addison-Wesley world student series},
  url={https://books.google.fi/books?id=z6UeAQAAIAAJ},
  year={1998},
  publisher={Addison Wesley Longman}
}

@INPROCEEDINGS{Inclusion,
author={Z. Qu and T. Tuovinen and M. Hinkkanen},
booktitle={2012 XXth International Conference on Electrical Machines},
title={Inclusion of magnetic saturation in dynamic models of synchronous reluctance motors},
year={2012},
volume={},
number={},
pages={994-1000},
keywords={equivalent circuits;machine theory;machine windings;real-time systems;reluctance motor drives;synchronous motor drives;computer simulations;dynamic equivalent circuit;full-order observer;magnetic saturation;measured inductances;modified power function;motion-sensorless drive;orthogonal windings;power 6.7 kW;real-time control;synchronous reluctance motors;Computational modeling;Equations;Inductance;Mathematical model;Numerical models;Saturation magnetization;Stators;Cross saturation;efficiency optimization;inductances;reciprocity conditions;synchronous reluctance motor},
doi={10.1109/ICElMach.2012.6349997},
ISSN={},
month={Sept},}
@ARTICLE{Standstill2017,
author={S. H. Lee and A. Yoo and H. J. Lee and Y. D. Yoon and B. M. Han},
journal={IEEE Transactions on Industry Applications},
title={Identification of Induction Motor Parameters at Standstill Based on Integral Calculation},
year={2017},
volume={53},
number={3},
pages={2130-2139},
keywords={induction motors;integral equations;machine testing;current reference;induction motor parameter identification;integral calculation;magnetizing inductance;rated rotor flux;rated slip condition;rotor time constant;Inductance;Induction motors;Inverters;Magnetic flux;Parameter estimation;Rotors;Stators;Current injection;induction machines (IMs);integral calculation;standstill parameter identification},
doi={10.1109/TIA.2017.2650141},
ISSN={0093-9994},
month={May},}


@ARTICLE{inverter-nonlinearity,
author={Jong-Woo Choi and Seung-Ki Sul},
journal={IEEE Transactions on Industry Applications},
title={A new compensation strategy reducing voltage/current distortion in PWM VSI systems operating with low output voltages},
year={1995},
volume={31},
number={5},
pages={1001-1008},
keywords={PWM invertors;compensation;electric distortion;switching circuits;PWM VSI systems;compensation strategy;current clamping;current waveform distortion;dead time effect;low output voltages;low-frequency;nonlinear voltage distortion;reference voltage;switching devices;voltage drop;voltage-fed PWM inverter;voltage/current distortion reduction;AC machines;Clamps;Frequency;Hardware;Industry Applications Society;Low voltage;Machine vector control;Nonlinear distortion;Pulse width modulation;Pulse width modulation inverters},
doi={10.1109/28.464512},
ISSN={0093-9994},
month={Sep},}





@INPROCEEDINGS{7409177,
author={S. A. Odhano and A. Cavagnino and R. Bojoi and A. Tenconi},
booktitle={2015 IEEE International Electric Machines Drives Conference (IEMDC)},
title={Induction motor magnetizing characteristic identification at standstill with single-phase tests conducted through the inverter},
year={2015},
volume={},
number={},
pages={960-966},
keywords={asynchronous machines;invertors;induction motor drives;induction motor magnetizing characteristic identification;inverter;machine testing;magnetic saturation;magnetizing characteristic identification method;parameter identification;rotor;sensorless control;single-phase tests;test strategy;Inductance;Induction machines;Magnetic resonance imaging;Magnetic separation;Rotors;Saturation magnetization;Stators;current control;machine control;model checking;nonlinear distortion;parameter estimation;pulse width modulation inverters;resonator filters;saturation magnetization;system testing;variable speed drives},
doi={10.1109/IEMDC.2015.7409177},
ISSN={},
month={May},}


@INPROCEEDINGS{1189871,
author={Chompoo Sukhapap and Somboon Sangwongwanich},
booktitle={Industrial Technology, 2002. IEEE ICIT '02. 2002 IEEE International Conference on},
title={Auto tuning of parameters and magnetization curve of an induction motor at standstill},
year={2002},
volume={1},
number={},
pages={101-106 vol.1},
keywords={PWM invertors;induction motors;least squares approximations;magnetisation;parameter estimation;rotors;tuning;Magnetization Curve;PWM inverter;auto-tuning;dead-time effect;identification;induction motor;parameter estimation;recursive least-squares;voltage drop;Current measurement;Hardware;Induction motors;Magnetization;Noise reduction;Parameter estimation;Pulse width modulation inverters;Stators;Testing;Voltage},
doi={10.1109/ICIT.2002.1189871},
ISSN={},
month={},}